@InProceedings{manning-EtAl:2014:P14-5,
  author    = {Manning, Christopher D. and  Surdeanu, Mihai  and  Bauer, John  and  Finkel, Jenny  and  Bethard, Steven J. and  McClosky, David},
  title     = {The {Stanford} {CoreNLP} Natural Language Processing Toolkit},
  booktitle = {Proceedings of 52nd Annual Meeting of the Association for Computational Linguistics: System Demonstrations},
  year      = {2014},
  pages     = {55--60},
  url       = {http://www.aclweb.org/anthology/P/P14/P14-5010}
}
%  month     = {June},
%  address   = {Baltimore, Maryland},
%  publisher = {Association for Computational Linguistics},

@book{dowty1979word,
  title={Word meaning and Montague grammar: The semantics of verbs and times in generative semantics and in Montague's PTQ},
  author={Dowty, David R},
  volume={7},
  year={1979},
  publisher={Springer}
}

@book{fillmore1968grammar,
  title={The grammar of'hitting'and'breaking'},
  author={Fillmore, Charles John},
  year={1968}
}


@inproceedings{MitchellCHTBCMG15,
  author    = {Tom M. Mitchell and
               William W. Cohen and
               Estevam R. Hruschka Jr. and
               Partha Pratim Talukdar and
               Justin Betteridge and
               Andrew Carlson and
               Bhavana Dalvi Mishra and
               Matthew Gardner and
               Bryan Kisiel and
               Jayant Krishnamurthy and
               Ni Lao and
               Kathryn Mazaitis and
               Thahir Mohamed and
               Ndapandula Nakashole and
               Emmanouil Antonios Platanios and
               Alan Ritter and
               Mehdi Samadi and
               Burr Settles and
               Richard C. Wang and
               Derry Tanti Wijaya and
               Abhinav Gupta and
               Xinlei Chen and
               Abulhair Saparov and
               Malcolm Greaves and
               Joel Welling},
  title     = {Never-Ending Learning},
  booktitle = {Proceedings of the Twenty-Ninth {AAAI} Conference on Artificial Intelligence,
               January 25-30, 2015, Austin, Texas, {USA.}},
  pages     = {2302--2310},
  year      = {2015}
}

@inproceedings{Wijaya2014akbc,
  title={Mining and Organizing a Resource of State-changing Verbs},
  author={Wijaya, Derry Tanti and Nakashole, Ndapandula and Mitchell, Tom M},
  booktitle={Proceedings of the Joint Workshop on Automatic Knowledge Base Construction and Web-scale Knowledge Extraction},
  year={2014}
}

@inproceedings{Chklovski04,
  author = {Chklovski, Timothy and Pantel, Patrick},
  booktitle = {Proceedings of EMNLP 2004},
  pages = {33--40},
  title = {VerbOcean: Mining the Web for Fine-Grained Semantic Verb Relations },
  year = 2004
}
@inproceedings{HosseiniHEK14,
  author = {Hosseini, Mohammad Javad and Hajishirzi, Hannaneh and Etzioni, Oren and Kushman, Nate},
  booktitle = {EMNLP},
  pages = {523-533},
  publisher = {ACL},
  title = {Learning to Solve Arithmetic Word Problems with Verb Categorization.},
  year = 2014
}


@inproceedings{daxenberger2013automatically,
  title={Automatically Classifying Edit Categories in Wikipedia Revisions.},
  author={Daxenberger, Johannes and Gurevych, Iryna},
  booktitle={EMNLP},
  pages={578--589},
  year={2013}
}

@inproceedings{DaxenbergerG12,
  author    = {Johannes Daxenberger and
               Iryna Gurevych},
  title     = {A Corpus-Based Study of Edit Categories in Featured and Non-Featured
               Wikipedia Articles},
  booktitle = {{COLING} 2012, 24th International Conference on Computational Linguistics,
               Proceedings of the Conference: Technical Papers, 8-15 December 2012,
               Mumbai, India},
  pages     = {711--726},
  year      = {2012}
}


@inproceedings{RecasensDJ13,
  added-at = {2013-11-22T00:00:00.000+0100},
  author = {Recasens, Marta and Danescu-Niculescu-Mizil, Cristian and Jurafsky, Dan},
  booktitle = {ACL (1)},
  pages = {1650-1659},
  title = {Linguistic Models for Analyzing and Detecting Biased Language.},
  year = 2013
}

@MISC{Zanzotto_expandingtextual,
    author = {Fabio Massimo Zanzotto and Marco Pennacchiotti},
    title = {Expanding textual entailment corpora from Wikipedia using co-training},
    booktitle = {COLING-Workshop on The People’s Web Meets
    NLP: Collaboratively Constructed Semantic Resources},
    year = {2010}
}

@INPROCEEDINGS{Cahill13robustsystems,
    author = {Aoife Cahill and Nitin Madnani and Joel Tetreault and Diane Napolitano},
    title = {Robust Systems for Preposition Error Correction Using Wikipedia Revisions},
    booktitle = {In Proceedings of the Conference of the North American Chapter of the Association for Computational Linguistics: Human Language Technologies},
    year = {2013}
}

@MISC{Nelken08miningwikipedia,
    author = {Rani Nelken and Elif Yamangil},
    title = {Mining Wikipedia’s article revision history for training computational linguistics algorithms},
    booktitle = {In Wikipedia and Artificial Intelligence: An Evolving Synergy: Papers from the 2008 AAAI Workshop },
    year = {2008}
}

@book{croft1991syntactic,
  title={Syntactic categories and grammatical relations: The cognitive organization of information},
  author={Croft, William},
  year={1991},
  publisher={University of Chicago Press}
}

@book{ovchinnikova2012integration,
  title={Integration of world knowledge for natural language understanding},
  author={Ovchinnikova, Ekaterina},
  volume={3},
  year={2012},
  publisher={Springer}
}

@article{katz1963structure,
  title={The structure of a semantic theory},
  author={Katz, Jerrold J and Fodor, Jerry A},
  journal={language},
  pages={170--210},
  year={1963},
  publisher={JSTOR}
}

@book{jackendoff1972semantic,
  title={Semantic interpretation in generative grammar},
  author={Jackendoff, Ray},
  year={1972},
  publisher={MIT press Cambridge, MA}
}

@inproceedings{kipper2000class,
  title={Class-based construction of a verb lexicon},
  author={Kipper, Karin and Dang, Hoa Trang and Palmer, Martha},
  booktitle={AAAI/IAAI},
  pages={691--696},
  year={2000}
}

@book{riemer2010introducing,
  title={Introducing semantics},
  author={Riemer, Nick},
  year={2010},
  publisher={Cambridge University Press}
}

@article{fillmore1967case,
  title={The case for case.},
  author={Fillmore, Charles J},
  year={1967},
  publisher={ERIC}
}

@misc{ruppenhofer2006framenet,
  title={FrameNet II: Extended theory and practice},
  author={Ruppenhofer, Josef and Ellsworth, Michael and Petruck, Miriam RL and Johnson, Christopher R and Scheffczyk, Jan},
  year={2006}
}

@book{levin1993english,
  title={English verb classes and alternations: A preliminary investigation},
  author={Levin, Beth},
  year={1993},
  publisher={University of Chicago press}
}

@article{miller1990introduction,
  title={Introduction to wordnet: An on-line lexical database*},
  author={Miller, George A and Beckwith, Richard and Fellbaum, Christiane and Gross, Derek and Miller, Katherine J},
  journal={International journal of lexicography},
  volume={3},
  number={4},
  pages={235--244},
  year={1990},
  publisher={Oxford Univ Press}
}

@inproceedings{agirre2003clustering,
  title={Clustering WordNet word senses},
  author={Agirre, Eneko and De Lacalle, Oier Lopez},
  booktitle={RANLP},
  volume={260},
  pages={121--130},
  year={2003}
}

@book{firth1961papers,
  title={Papers in Linguistics 1934-1951: Repr},
  author={Firth, John Rupert},
  year={1961},
  publisher={Oxford University Press}
}

@article{rubenstein1965contextual,
  title={Contextual correlates of synonymy},
  author={Rubenstein, Herbert and Goodenough, John B},
  journal={Communications of the ACM},
  volume={8},
  number={10},
  pages={627--633},
  year={1965},
  publisher={ACM}
}

@article{lin2001discovery,
  title={Discovery of inference rules for question-answering},
  author={Lin, Dekang and Pantel, Patrick},
  journal={Natural Language Engineering},
  volume={7},
  number={04},
  pages={343--360},
  year={2001},
  publisher={Cambridge Univ Press}
}

@inproceedings{chklovski2004verbocean,
  title={VerbOcean: Mining the Web for Fine-Grained Semantic Verb Relations.},
  author={Chklovski, Timothy and Pantel, Patrick},
  booktitle={EMNLP},
  volume={2004},
  pages={33--40},
  year={2004}
}

@inproceedings{lao2011random,
  title={Random walk inference and learning in a large scale knowledge base},
  author={Lao, Ni and Mitchell, Tom and Cohen, William W},
  booktitle={Proceedings of the Conference on Empirical Methods in Natural Language Processing},
  pages={529--539},
  year={2011},
  organization={Association for Computational Linguistics}
}

@inproceedings{fader2011identifying,
  title={Identifying relations for open information extraction},
  author={Fader, Anthony and Soderland, Stephen and Etzioni, Oren},
  booktitle={Proceedings of the Conference on Empirical Methods in Natural Language Processing},
  pages={1535--1545},
  year={2011},
  organization={Association for Computational Linguistics}
}

@inproceedings{banko2007open,
  title={Open information extraction for the web},
  author={Banko, Michele and Cafarella, Michael J and Soderland, Stephen and Broadhead, Matthew and Etzioni, Oren},
  booktitle={IJCAI},
  volume={7},
  pages={2670--2676},
  year={2007}
}

@article{soderland2010adapting,
  title={Adapting open information extraction to domain-specific relations},
  author={Soderland, Stephen and Roof, Brendan and Qin, Bo and Xu, Shi and Etzioni, Oren and others},
  journal={AI Magazine},
  volume={31},
  number={3},
  pages={93--102},
  year={2010}
}

@article{Callan:09,
  title={Clueweb09 data set},
  author={Callan, J. and Hoy, M. and Yoo, C. and Zhao, L.},
  journal={boston.lti.cs.cmu.edu},
  year={2009}
}

@inproceedings{wijaya2013pidgin,
  title={PIDGIN: ontology alignment using web text as interlingua},
  author={Wijaya, Derry and Talukdar, Partha Pratim and Mitchell, Tom},
  booktitle={Proceedings of the 22nd ACM international conference on Conference on information \& knowledge management},
  pages={589--598},
  year={2013},
  organization={ACM}
}


@article{talukdar2009new,
  title={New regularized algorithms for transductive learning},
  author={Talukdar, P. P. and Crammer, K.},
  journal={ECML},
  year={2009},
}

@inproceedings{wijaya2011nut,
  title={Nut case: What does it mean?: Understanding semantic relationship between nouns in noun compounds through paraphrasing and ranking the paraphrases},
  author={Wijaya, Derry Tanti and Gianfortoni, Philip},
  booktitle={Proceedings of the 1st international workshop on Search and mining entity-relationship data},
  pages={9--14},
  year={2011},
  organization={ACM}
}

@inproceedings{wijaya2011understanding,
  title={Understanding semantic change of words over centuries},
  author={Wijaya, Derry Tanti and Yeniterzi, Reyyan},
  booktitle={Proceedings of the 2011 international workshop on DETecting and Exploiting Cultural diversiTy on the social web},
  pages={35--40},
  year={2011},
  organization={ACM}
}

@article{michel2011quantitative,
  title={Quantitative analysis of culture using millions of digitized books},
  author={Michel, Jean-Baptiste and Shen, Yuan Kui and Aiden, Aviva Presser and Veres, Adrian and Gray, Matthew K and Pickett, Joseph P and Hoiberg, Dale and Clancy, Dan and Norvig, Peter and Orwant, Jon and others},
  journal={science},
  volume={331},
  number={6014},
  pages={176--182},
  year={2011},
  publisher={American Association for the Advancement of Science}
}

@article{graff2003english,
  title={English gigaword},
  author={Graff, David and Kong, Junbo and Chen, Ke and Maeda, Kazuaki},
  journal={Linguistic Data Consortium, Philadelphia},
  year={2003}
}

@inproceedings{weisman2012learning,
  title={Learning verb inference rules from linguistically-motivated evidence},
  author={Weisman, Hila and Berant, Jonathan and Szpektor, Idan and Dagan, Ido},
  booktitle={Proceedings of the 2012 Joint Conference on Empirical Methods in Natural Language Processing and Computational Natural Language Learning},
  pages={194--204},
  year={2012},
  organization={Association for Computational Linguistics}
}
@inproceedings{chambers2008unsupervised,
  title={Unsupervised Learning of Narrative Event Chains.},
  author={Chambers, Nathanael and Jurafsky, Daniel},
  booktitle={ACL},
  pages={789--797},
  year={2008},
  organization={Citeseer}
}

@InProceedings{bamman-oconnor-smith:2013:ACL2013,
  author    = {Bamman, David  and  O'Connor, Brendan  and  Smith, Noah A.},
  title     = {Learning Latent Personas of Film Characters},
  booktitle = {Proceedings of the 51st Annual Meeting of the Association for Computational Linguistics (Volume 1: Long Papers)},
  month     = {August},
  year      = {2013},
  address   = {Sofia, Bulgaria},
  publisher = {Association for Computational Linguistics},
  pages     = {352--361},
  url       = {http://www.aclweb.org/anthology/P13-1035}
}

@InProceedings{talukdar:2012:temporal, author = {Wijaya, Derry and Talukdar, Partha Pratim and Mitchell, Tom}, title = {Acquiring Temporal Constraints between Relations}, booktitle = {Proceedings of the Conference on Information and Knowledge Management (CIKM 2012)}, month = {October}, year = {2012}, address = {Hawaii, USA}, publisher = {Association for Computing Machinery}}

@inproceedings{wang2006topics,
  title={Topics over time: a non-Markov continuous-time model of topical trends},
  author={Wang, Xuerui and McCallum, Andrew},
  booktitle={Proceedings of the 12th ACM SIGKDD international conference on Knowledge discovery and data mining},
  pages={424--433},
  year={2006},
  organization={ACM}
} 

@article{bammanunsupervised,
  title={Unsupervised Discovery of Biographical Structure from Text},
  author={Bamman, David and Smith, Noah A}
}

@article{langer1990process,
  title={The process of understanding: Reading for literary and informative purposes},
  author={Langer, Judith A},
  journal={Research in the Teaching of English},
  pages={229--260},
  year={1990},
  publisher={JSTOR}
}

@inproceedings{wijayactp,
  title={CTPs: Contextual Temporal Profiles for Time Scoping Facts via Entity State Change Detection},
  author={Wijaya, Derry and Nakashole, Ndapa and Mitchell, Tom},
  booktitle={Proceedings of the Conference on Empirical Methods in Natural Language Processing},
  year={2014},
  organization={Association for Computational Linguistics}
}

@InProceedings{mohamed-hruschka-mitchell:2011:EMNLP, author = {Mohamed, Thahir and Hruschka, Estevam and Mitchell, Tom}, title = {Discovering Relations between Noun Categories}, booktitle = {Proceedings of the 2011 Conference on Empirical Methods in Natural Language Processing}, month = {July}, year = {2011}, address = {Edinburgh, Scotland, UK.}, publisher = {Association for Computational Linguistics}, pages = {1447--1455}, url = {http://www.aclweb.org/anthology/D11-1134}} 

@InProceedings{talukdar:2012:coupled, author = {Talukdar, Partha Pratim and Wijaya, Derry and Mitchell, Tom}, title = {Coupled Temporal Scoping of Relational Facts}, booktitle = {Proceedings of the Fifth ACM International Conference on Web Search and Data Mining (WSDM)}, month = {February}, year = {2012}, address = {Seattle, Washington, USA}, publisher = {Association for Computing Machinery}}

@book{schank2013scripts,
  title={Scripts, plans, goals, and understanding: An inquiry into human knowledge structures},
  author={Schank, Roger C and Abelson, Robert P},
  year={2013},
  publisher={Psychology Press}
} 

@inproceedings{suchanek2007yago,
  title={Yago: a core of semantic knowledge},
  author={Suchanek, Fabian M and Kasneci, Gjergji and Weikum, Gerhard},
  booktitle={Proceedings of the 16th international conference on World Wide Web},
  pages={697--706},
  year={2007},
  organization={ACM}
}

@inproceedings{carlson2010toward,
  title={Toward an Architecture for Never-Ending Language Learning.},
  author={Carlson, Andrew and Betteridge, Justin and Kisiel, Bryan and Settles, Burr and Hruschka Jr, Estevam R and Mitchell, Tom M},
  booktitle={AAAI},
  volume={5},
  pages={3},
  year={2010}
}


@inproceedings{nakashole2012real,
  title={Real-time population of knowledge bases: opportunities and challenges},
  author={Nakashole, Ndapandula and Weikum, Gerhard},
  booktitle={Proceedings of the Joint Workshop on Automatic Knowledge Base Construction and Web-scale Knowledge Extraction},
  pages={41--45},
  year={2012},
  organization={Association for Computational Linguistics}
}

@inproceedings{wang2010timely,
  title={Timely yago: harvesting, querying, and visualizing temporal knowledge from wikipedia},
  author={Wang, Yafang and Zhu, Mingjie and Qu, Lizhen and Spaniol, Marc and Weikum, Gerhard},
  booktitle={Proceedings of the 13th International Conference on Extending Database Technology},
  pages={697--700},
  year={2010},
  organization={ACM}
}